<?xml version="1.0" encoding="UTF-8"?><collection xmlns="http://www.loc.gov/MARC21/slim"><record><leader>00401nam--2200133-i-4500</leader><controlfield tag="001">000040376</controlfield><controlfield tag="002">20161230</controlfield><controlfield tag="005">20161230201042</controlfield><controlfield tag="008">060222s1000------------r-----000-0-eng-d</controlfield><datafield ind1=" " ind2=" " tag="100"><subfield code="a">Saunders,William H</subfield></datafield><datafield ind1=" " ind2=" " tag="245"><subfield code="a">Ionic aliphatic reactions</subfield></datafield><datafield ind1=" " ind2=" " tag="260"><subfield code="a">Englewood Cliffs, N.J.Prentice-hall,Inc.,1965. Xiii + 113 P</subfield></datafield><datafield ind1=" " ind2=" " tag="490"><subfield code="a">Prentice-hall Foundations Of Modern Organic Chemistry Series</subfield></datafield><datafield ind1=" " ind2=" " tag="852"><subfield code="a">21281</subfield></datafield></record></collection>